<?xml version="1.0" ?>
<collection xmlns="http://www.loc.gov/MARC21/slim" xmlns:xsi="http://www.w3.org/2001/XMLSchema-instance" xsi:schemaLocation="http://www.loc.gov/MARC21/slim http://www.loc.gov/standards/marcxml/schema/MARC21slim.xsd">
<record><leader>03381ctm a2200397 a 4500</leader>
<controlfield tag="001">728917</controlfield>

<controlfield tag="005">20060919142937.0</controlfield>
<controlfield tag="008">051007s2005    xnaa    sbm   000 0 eng d</controlfield>
<datafield tag="040" ind1=" " ind2=" ">
<subfield code="a">NMQU</subfield>
<subfield code="b">eng</subfield>
<subfield code="c">NMQU</subfield>
</datafield>
<datafield tag="042" ind1=" " ind2=" ">
<subfield code="a">anuc</subfield>
</datafield>
<datafield tag="090" ind1=" " ind2=" ">
<subfield code="a">Electronic version</subfield>
</datafield>
<datafield tag="100" ind1="1" ind2=" ">
<subfield code="a">Al-Ibrahim, Mohamed Hussain</subfield>
</datafield>
<datafield tag="245" ind1="1" ind2="0">
<subfield code="a">Source authentication in group communication</subfield>
<subfield code="h">[electronic resource] /</subfield>
<subfield code="c">by Mohamed Hussain Al-Ibrahim.</subfield>
</datafield>
<datafield tag="260" ind1=" " ind2=" ">
<subfield code="c">2005.</subfield>
</datafield>
<datafield tag="502" ind1=" " ind2=" ">
<subfield code="a">Thesis (PhD)--Macquarie University (Division of Information &amp; Communication Sciences, Department of Computing), 2004.</subfield>
</datafield>
<datafield tag="500" ind1=" " ind2=" ">
<subfield code="a">Title from screen page; viewed 10 Oct 2005.</subfield>
</datafield>
<datafield tag="504" ind1=" " ind2=" ">
<subfield code="a">Bibliography: leaves 163-175.</subfield>
</datafield>
<datafield tag="505" ind1="0" ind2=" ">
<subfield code="a">Introduction -- Cryptographic essentials -- Multicast: structure and security -- Authentication of multicast streams -- Authentication of concast communication -- Authentication of transit flows -- One-time signatures for authenticating group communication -- Authentication of anycast communication -- Authentication of joining operation - Conclusion and future directions.</subfield>
</datafield>
<datafield tag="516" ind1=" " ind2=" ">
<subfield code="a">Electronic publication; full text available in PDF format.</subfield>
</datafield>
<datafield tag="520" ind1="3" ind2=" ">
<subfield code="a">Multicast is a relatively new and emerging communication mode in which a sender sends a message to a group of recipients in just one connection establishment... reducing broadband overhead and increasing resource utilization in the already congested and contented network...  The focus of the research in this area has been in two directions: first, building an efficient routing infrastructure, and secondly, building a sophisticated security infrastructure. The focus of this work is on the second issue.</subfield>
<subfield code="b">... building a secure system requires providing a number of services... [including] confidentiality, integrity, authenticity and non-repudiation... One of the distinguishing issues in securing multicast environment is providing source authentication...</subfield>
</datafield>
<datafield tag="520" ind1="3" ind2=" ">
<subfield code="a">An ideal authenticated multicast environment ... provides authenticity for all the communication operations in the system... We ...  propose a comprehensive solution to the problem ... for all its possible operations... 1. one-to-one (or joining mode) 2. one-to-many (or broadcast mode) 3. many-to-one (or concast mode) 4. intermediate (or transit mode) ... We study the ... mode known as anycast, in which a server is selected from a group of servers. Further we develop ... schemes for group-based communication exploiting the distinct features of one-time signatures... cover situations when a threshold number of participants are involved and ... where a proxy signer is required.</subfield>
</datafield>
<datafield tag="530" ind1=" " ind2=" ">
<subfield code="a">Also available in a print form.</subfield>
</datafield>
<datafield tag="533" ind1=" " ind2=" ">
<subfield code="a">Electronic reproduction.</subfield>
<subfield code="b">[Australia] :</subfield>
<subfield code="c">Australasian Digital Theses program,</subfield>
<subfield code="d">2005.</subfield>
</datafield>
<datafield tag="534" ind1=" " ind2=" ">
<subfield code="e">xiv, 175 leaves, bound : ill. ; 30 cm.</subfield>
</datafield>
<datafield tag="650" ind1=" " ind2="0">
<subfield code="a">Authentication.</subfield>
</datafield>
<datafield tag="650" ind1=" " ind2="0">
<subfield code="a">Digital signatures.</subfield>
</datafield>
<datafield tag="650" ind1=" " ind2="0">
<subfield code="a">Computer networks</subfield>
<subfield code="x">Security measures.</subfield>
</datafield>
<datafield tag="650" ind1=" " ind2="0">
<subfield code="a">Data encryption (Computer science)</subfield>
</datafield>
<datafield tag="650" ind1=" " ind2="0">
<subfield code="a">Computers</subfield>
<subfield code="x">Access control.</subfield>
</datafield>
<datafield tag="650" ind1=" " ind2="0">
<subfield code="a">Cryptography.</subfield>
</datafield>
<datafield tag="650" ind1=" " ind2="0">
<subfield code="a">Computer security.   alibrahim@kuc01.kuniv.edu.kw&gt;</subfield>
</datafield>
<datafield tag="650" ind1=" " ind2="0">
<subfield code="a">Computer network protocols.</subfield>
</datafield>
<datafield tag="710" ind1="2" ind2=" ">
<subfield code="a">Macquarie University.</subfield>
<subfield code="c">Dept. of Computing.</subfield>
</datafield>
<datafield tag="830" ind1=" " ind2="0">
<subfield code="a">Australasian Digital Theses Program.</subfield>
</datafield>
<datafield tag="856" ind1="4" ind2="1">
<subfield code="u">http://lachesis.lib.mq.edu.au/catalogue/erthesis/728917.pdf</subfield>
<subfield code="z">Electronic version</subfield>
</datafield>
<datafield tag="929" ind1=" " ind2=" ">
<subfield code="a">NMQUICSp2004</subfield>
</datafield>
</record>
</collection>
 
